% Encoding: UTF-8

@Article{key1,
  author = {Appium},
  date   = {2022-12-08},
  title  = {Appium},
  url    = {http://appium.io/},
}

@Article{key2,
  title   = {UI Automator},
  url     = {https://developer.android.com/training/testing/other-components/ui-automator},
  urldate = {2022-12-05},
}

@Article{PANKO2018,
  author  = {RILEY PANKO},
  date    = {2018-05-15},
  title   = {Mobile App Usage Statistics 2018},
  url     = {https://themanifest.com/app-development/blog/mobile-app-usage-statistics},
  urldate = {2022-12-06},
}

@Article{Microfocus,
  author = {Microfocus},
  title  = {World Qaulity report 2022-23},
  file   = {:world-quality-report-2022-23.pdf:PDF},
}

@Article{Singh2014,
  author  = {Shiwangi Singh, Rucha Gadgiland, Ayushi Chudgor},
  date    = {2014-10-14},
  title   = {Automated Testing of Mobile Applications using Scripting Technique: A Studyon Appium},
  url     = {https://citeseerx.ist.psu.edu/document?repid=rep1&type=pdf&doi=8b14715abbc7072a901d8bf01db909eb06fdf8e9},
  comment = {https://www.mecs-press.org/ijmecs/ijmecs-v9-n2/IJMECS-V9-N2-4.pdf},
}

@Article{Lin2020,
  author = {Jun-Wei Lin, Navid Salehnamadi, Sam Malek},
  date   = {2020-09-21},
  title  = {Test Automation in Open-Source Android Apps:A Large-Scale Empirical Study},
}

@Article{Google2022,
  author  = {Google},
  date    = {2022-12-06},
  title   = {Espresso},
  comment = {https://www.youtube.com/watch?v=T7ugmCuNxDU&list=SPSIUOFhnxEiCODb8XQB-RUQ0RGNZ2yW7d},
}

@Article{Zakharov2013,
  author = {Valera Zakharov},
  date   = {2013-04-29},
  title  = {Espresso: Fresh start to android UI testing},
}

@Article{Google2022a,
  author  = {Google},
  date    = {2022-03-17},
  title   = {Create UI tests with Espresso Test Recorder},
  url     = {https://developer.android.com/studio/test/other-testing-tools/espresso-test-recorder},
  urldate = {2022-12-11},
}

@Article{Zelenchuk,
  author = {Denys Zelenchuk},
  title  = {Android Espresso Revealed},
}

@Article{Roboelectric2022,
  author = {Roboelectric},
  date   = {2022-10-27},
  title  = {Roboelectric},
  url    = {https://github.com/robolectric/robolectric},
}

@Comment{jabref-meta: databaseType:biblatex;}
